%YAML 1.1
%TAG !u! tag:unity3d.com,2011:
--- !u!1 &1023688262325958365
GameObject:
  m_ObjectHideFlags: 0
  m_CorrespondingSourceObject: {fileID: 0}
  m_PrefabInstance: {fileID: 0}
  m_PrefabAsset: {fileID: 0}
  serializedVersion: 6
  m_Component:
  - component: {fileID: 8566098861358904663}
  m_Layer: 0
  m_Name: Pre_PlayerCameraPair
  m_TagString: Untagged
  m_Icon: {fileID: 0}
  m_NavMeshLayer: 0
  m_StaticEditorFlags: 0
  m_IsActive: 1
--- !u!4 &8566098861358904663
Transform:
  m_ObjectHideFlags: 0
  m_CorrespondingSourceObject: {fileID: 0}
  m_PrefabInstance: {fileID: 0}
  m_PrefabAsset: {fileID: 0}
  m_GameObject: {fileID: 1023688262325958365}
  m_LocalRotation: {x: 0, y: 0, z: 0, w: 1}
  m_LocalPosition: {x: 0, y: 0, z: 0}
  m_LocalScale: {x: 1, y: 1, z: 1}
  m_Children:
  - {fileID: 6006053086711807998}
  - {fileID: 1850341988833501334}
  m_Father: {fileID: 0}
  m_RootOrder: 0
  m_LocalEulerAnglesHint: {x: 0, y: 0, z: 0}
--- !u!1001 &7098008205279263330
PrefabInstance:
  m_ObjectHideFlags: 0
  serializedVersion: 2
  m_Modification:
    m_TransformParent: {fileID: 8566098861358904663}
    m_Modifications:
    - target: {fileID: -1056888490447464986, guid: cb76b1b83055a364fa2ed13bd3c66545, type: 3}
      propertyPath: playerObj
      value: 
      objectReference: {fileID: 8902580078674317354}
    - target: {fileID: 4224838989373827442, guid: cb76b1b83055a364fa2ed13bd3c66545, type: 3}
      propertyPath: m_Name
      value: PlayerCamera
      objectReference: {fileID: 0}
    - target: {fileID: 8875623890027764468, guid: cb76b1b83055a364fa2ed13bd3c66545, type: 3}
      propertyPath: m_RootOrder
      value: 1
      objectReference: {fileID: 0}
    - target: {fileID: 8875623890027764468, guid: cb76b1b83055a364fa2ed13bd3c66545, type: 3}
      propertyPath: m_LocalPosition.x
      value: 0
      objectReference: {fileID: 0}
    - target: {fileID: 8875623890027764468, guid: cb76b1b83055a364fa2ed13bd3c66545, type: 3}
      propertyPath: m_LocalPosition.y
      value: 3.11
      objectReference: {fileID: 0}
    - target: {fileID: 8875623890027764468, guid: cb76b1b83055a364fa2ed13bd3c66545, type: 3}
      propertyPath: m_LocalPosition.z
      value: -3.73
      objectReference: {fileID: 0}
    - target: {fileID: 8875623890027764468, guid: cb76b1b83055a364fa2ed13bd3c66545, type: 3}
      propertyPath: m_LocalRotation.w
      value: 0.97404647
      objectReference: {fileID: 0}
    - target: {fileID: 8875623890027764468, guid: cb76b1b83055a364fa2ed13bd3c66545, type: 3}
      propertyPath: m_LocalRotation.x
      value: 0.22634824
      objectReference: {fileID: 0}
    - target: {fileID: 8875623890027764468, guid: cb76b1b83055a364fa2ed13bd3c66545, type: 3}
      propertyPath: m_LocalRotation.y
      value: -0
      objectReference: {fileID: 0}
    - target: {fileID: 8875623890027764468, guid: cb76b1b83055a364fa2ed13bd3c66545, type: 3}
      propertyPath: m_LocalRotation.z
      value: -0
      objectReference: {fileID: 0}
    - target: {fileID: 8875623890027764468, guid: cb76b1b83055a364fa2ed13bd3c66545, type: 3}
      propertyPath: m_LocalEulerAnglesHint.x
      value: 26.164
      objectReference: {fileID: 0}
    - target: {fileID: 8875623890027764468, guid: cb76b1b83055a364fa2ed13bd3c66545, type: 3}
      propertyPath: m_LocalEulerAnglesHint.y
      value: 0
      objectReference: {fileID: 0}
    - target: {fileID: 8875623890027764468, guid: cb76b1b83055a364fa2ed13bd3c66545, type: 3}
      propertyPath: m_LocalEulerAnglesHint.z
      value: 0
      objectReference: {fileID: 0}
    m_RemovedComponents: []
  m_SourcePrefab: {fileID: 100100000, guid: cb76b1b83055a364fa2ed13bd3c66545, type: 3}
--- !u!4 &1850341988833501334 stripped
Transform:
  m_CorrespondingSourceObject: {fileID: 8875623890027764468, guid: cb76b1b83055a364fa2ed13bd3c66545, type: 3}
  m_PrefabInstance: {fileID: 7098008205279263330}
  m_PrefabAsset: {fileID: 0}
--- !u!1001 &7744727097359324592
PrefabInstance:
  m_ObjectHideFlags: 0
  serializedVersion: 2
  m_Modification:
    m_TransformParent: {fileID: 8566098861358904663}
    m_Modifications:
    - target: {fileID: 4045082624088713792, guid: 5e72cc48241b75740a4c262f52cd9e30, type: 3}
      propertyPath: m_Name
      value: Player
      objectReference: {fileID: 0}
    - target: {fileID: 4045082624088713806, guid: 5e72cc48241b75740a4c262f52cd9e30, type: 3}
      propertyPath: m_RootOrder
      value: 0
      objectReference: {fileID: 0}
    - target: {fileID: 4045082624088713806, guid: 5e72cc48241b75740a4c262f52cd9e30, type: 3}
      propertyPath: m_LocalPosition.x
      value: 0
      objectReference: {fileID: 0}
    - target: {fileID: 4045082624088713806, guid: 5e72cc48241b75740a4c262f52cd9e30, type: 3}
      propertyPath: m_LocalPosition.y
      value: 0
      objectReference: {fileID: 0}
    - target: {fileID: 4045082624088713806, guid: 5e72cc48241b75740a4c262f52cd9e30, type: 3}
      propertyPath: m_LocalPosition.z
      value: 0
      objectReference: {fileID: 0}
    - target: {fileID: 4045082624088713806, guid: 5e72cc48241b75740a4c262f52cd9e30, type: 3}
      propertyPath: m_LocalRotation.w
      value: 1
      objectReference: {fileID: 0}
    - target: {fileID: 4045082624088713806, guid: 5e72cc48241b75740a4c262f52cd9e30, type: 3}
      propertyPath: m_LocalRotation.x
      value: -0
      objectReference: {fileID: 0}
    - target: {fileID: 4045082624088713806, guid: 5e72cc48241b75740a4c262f52cd9e30, type: 3}
      propertyPath: m_LocalRotation.y
      value: -0
      objectReference: {fileID: 0}
    - target: {fileID: 4045082624088713806, guid: 5e72cc48241b75740a4c262f52cd9e30, type: 3}
      propertyPath: m_LocalRotation.z
      value: -0
      objectReference: {fileID: 0}
    - target: {fileID: 4045082624088713806, guid: 5e72cc48241b75740a4c262f52cd9e30, type: 3}
      propertyPath: m_LocalEulerAnglesHint.x
      value: 0
      objectReference: {fileID: 0}
    - target: {fileID: 4045082624088713806, guid: 5e72cc48241b75740a4c262f52cd9e30, type: 3}
      propertyPath: m_LocalEulerAnglesHint.y
      value: 0
      objectReference: {fileID: 0}
    - target: {fileID: 4045082624088713806, guid: 5e72cc48241b75740a4c262f52cd9e30, type: 3}
      propertyPath: m_LocalEulerAnglesHint.z
      value: 0
      objectReference: {fileID: 0}
    m_RemovedComponents: []
  m_SourcePrefab: {fileID: 100100000, guid: 5e72cc48241b75740a4c262f52cd9e30, type: 3}
--- !u!4 &6006053086711807998 stripped
Transform:
  m_CorrespondingSourceObject: {fileID: 4045082624088713806, guid: 5e72cc48241b75740a4c262f52cd9e30, type: 3}
  m_PrefabInstance: {fileID: 7744727097359324592}
  m_PrefabAsset: {fileID: 0}
--- !u!114 &8902580078674317354 stripped
MonoBehaviour:
  m_CorrespondingSourceObject: {fileID: 1222337156445095322, guid: 5e72cc48241b75740a4c262f52cd9e30, type: 3}
  m_PrefabInstance: {fileID: 7744727097359324592}
  m_PrefabAsset: {fileID: 0}
  m_GameObject: {fileID: 0}
  m_Enabled: 1
  m_EditorHideFlags: 0
  m_Script: {fileID: 11500000, guid: d8fb353303d0c684e802bcfa49ba053d, type: 3}
  m_Name: 
  m_EditorClassIdentifier: 
